@book{goldstein,
    author    = {H. Goldstein{,} C. P. Poole Jr.{,} J. L. Safko},
    title     = {Classical Mechanics (3rd Edition)},
    year      = {2001},
    publisher = {Addison-Wesley},
}
@book{waerden,
    author    = {L. H. van der Waerden},
    title     = {Sources of Quantum Mechanics},
    year      = {1968},
    publisher = {Dover},
}
@book{adams,
    author    = {B. G. Adams},
    title     = {Algebraic Approach to Simple Quantum Systems},
    year      = {1994},
    publisher = {Springer-Verlag Berlin Heidelberg},
}
@book{zetilli,
    author    = {N. Zettili},
    title     = {Quantum Mechanics: Concepts and Applications (2nd Edition)},
    year      = {2009},
    publisher = {John Wiley \& Sons},
}
@book{sakurai,
    author    = {J. J. Sakurai{,} J. Napolitano},
    title     = {Modern Quantum Mechanics (2nd Edition)},
    year      = {2017},
    publisher = {Cambridge University Press},
}
@book{wybourne,
    author = {B. G. Wybourne},
    title = {Classical Groups for Physicists},
    year = {1974},
    publisher = {John Wiley \& Sons},
}
@article{brajamani,
  author={S. Brajamani{,} C. A. Singh},
  title={Single-variable realisation of the SU(1,1) spectrum generating algebra and discrete eigenvalue spectra of a class of potentials},
  journal={Journal of Physics A: Mathematical and General},
  volume={23},
  number={15},
  pages={3421},
  year={1990},
}
@book{bjorken,
    author = {J. D. Bjorken{,} S. D. Drell},
    title = {Relativistic Quantum Mechanics},
    year = {1964},
    publisher = {MC Graw Hill Book Company},
}

@book{messiah,
    author = {A. Messiah},
    title = {Quantum Mechanics: Volume 1},
    year = {1966},
    publisher = {North Holland Publishing},
}
@article{cizekpaldus,
  author={J. Cizek{,} J. Paldus},
  title={An Algebraic Approach to Bound States of Simple One-Electron Systems},
  journal={International Journal of Quantum Chemestry},
  volume={12},
  number={5},
  pages={875-896},
  year={1977},
}
@article{martinez,
  author={R. P. Martinez-y-Romero{,} H. N. Nunez-Yepez{,} A. L. Salas-Brito},
  title={An su(1, 1) algebraic method for the hydrogen atom},
  journal={Journal Of Physics A: Mathematical and General},
  volume={38},
  pages={8579–8588},
  year={2005},
}
@article{treatise,
  author={J. van Ekeren},
  title={A Treatise on the Hydrogen Atom},
}
@article{lanik,
  author={J.Lanik},
  title={Dynamical Algebra and Potentials},
  journal={Nuclear Physics},
  volume={B2},
  pages={263-266},
  year={1967},
}
@article{cizekpaldusadams,
  author={J. Cizek{,} J. Paldus{,}B. G. Adams},
  title={Lie Algebraic Methods and Their Applications to Simple Quantum Systems},
  journal={Advances in Quantum Chemestry},
  volume={19},
  pages={1-82},
  year={1988},
}
@article{rowe,
  author={D. J. Rowe{,}M. J. Carvalho{,}J. Repka},
  title={Dual pairing of symmetry and dynamical groups in physics},
  journal={Reviews of modern physics},
  volume={84},
  pages={711-752},
  year={2012},
}
@book{barutrackza,
    author = {A. O. Barut{,} R. Rackza},
    title = {Theory of Group Representations and Aplications},
    year = {1980},
    publisher = {PWN-Polish Scientific Publishers},
}
@book{singer,
    author = {S. F. Singer},
    title = {Linearity, Symmetry and Prediction in the Hydrogen Atom},
    year = {2005},
    publisher = {Springer},
}
@book{gilmore,
    author = {R. Gilmore},
    title = {Lie Groups, Physics and Geometry: An Introduction for Physicists, Engineers and Chemists},
    year = {2008},
    publisher = {Cambridge},
}
@book{warner,
    author = {F. Warner},
    title = {Foundations of Differentiable Manifolds and Lie Groups},
    year = {1983},
    publisher = {Springer},
}
@book{baran,
    author = {V.Băran},
    title = {Quantum mechanics: lecture notes},
    year = {2017-2018},
}
@book{steinacker,
    author = {H. Steinacker},
    title = {Lie groups and Lie algebras for physicists: lecture notes},
    year = {2015},
}
@book{greiner,
    author = {W. Greiner{,} B. Muller},
    title = {Quantum Mechanics: Symmetries},
    year = {1994},
    publisher = {Springer},
}
@article{cizekpaldusadamsperturbed,
  author={J. Cizek{,} J. Paldus{,}B. G. Adams},
  title={Representation theory of $\mathfrak{so}(4,2)$ for the perturbation treatment of hydrogenic-type hamiltonians by algebraic methods},
  journal={International journal of quantum chemistry},
  volume={11},
  pages={153-171},
  year={1982},
}
@article{rowesga,
author={D. J. Rowe},
year={2013},
title={The fundamental role of symmetry in nuclear models},
journal={AIP Conference Proceedings},
}
@book{bohmbarut,
    author = {A. Bohm{,} Y. Ne’eman{,}A. O. Barut},
    title = {Dynamical Groups and Spectrum Generating Algebras},
    year = {1988},
    publisher = {World Scientific, Singapore},
}
@book{morin,
    author = {D. Morin},
    title = {Introduction to Classical Mechanics: With Problems and Solutions},
    year = {2007},
    publisher = {Cambridge University Press},
}
@book{singermech,
    author = {S. F. Singer},
    title = {Symmetry in Mechanics: A Gentle, Modern Introduction},
    year = {2004},
    publisher = {Birkhauser Boston},
}
@book{arnold,
    author = {V. I. Arnold},
    title = {Mathematical Methods of Classical Mechanics (2nd Edition)},
    year = {1989},
    publisher = {Springer-Verlag},
}
@InProceedings{bohmdodonov,
author="A. Bohm",
editor="V. V. Dodonov{,}V. I. Man'ko",
title="Spectrum generating groups: idea and application",
booktitle="Group Theoretical Methods in Physics",
year="1991",
publisher="Springer Berlin Heidelberg",
pages="63-84",
}
@article{bohmdg,
author={A. Bohm},
year={1992},
title={Relativistic and Nonrelativistic Dynamical Groups},
journal={Foundations of Physics},
volume={23},
pages={751-767},
}
@article{bloch,
title	= {Heisenberg and the early days of quantum mechanics},
author	= {F. Bloch},
publisher	= {American Institute of Physics},
journal	= {Physics Today},
year	= {1976},
volume	= {29},
issue	= {12},
page	= {23},
}
@book{weyl,
    author = {H. Weyl},
    title = {Symmetry},
    year = {2016},
    publisher = {Princeton University Press},
}